@book{libkin2004elements,
  title={Elements of finite model theory},
  author={Libkin, Leonid},
  volume={41},
  year={2004},
  publisher={Springer}
}
@article{jurdzinski1998deciding,
  title={Deciding the winner in parity games is in UP$\cap$ co-UP},
  author={Jurdzi{\'n}ski, Marcin},
  journal={Information Processing Letters},
  volume={68},
  number={3},
  pages={119--124},
  year={1998},
  publisher={Elsevier}
}
@article{martin1975borel,
  title={Borel determinacy},
  author={Martin, Donald A},
  journal={Annals of Mathematics},
  volume={102},
  number={2},
  pages={363--371},
  year={1975},
  publisher={JSTOR}
}
